@phdthesis{huet1976,
  author = {Gérard P. Huet},
  title = {Resolution d'Equations dans les langages d'ordre 1, 2, ..., omega},
  school = {Université de Paris VII},
  year = {1976},
}
